@book{gianguzza2002chemistry,
	title={Chemistry of Marine Water and Sediments},
	author={Gianguzza, Antonio and Pelizzetti, Ezio},
	year={2002},
	publisher={Springer Science \& Business Media}
}

@article{wilson1986carbohydrate,
	title={Carbohydrate dynamics during decay of litter of Spartina alterniflora},
	author={Wilson, JO and Valiela, I and Swain, T},
	journal={Marine Biology},
	volume={92},
	number={2},
	pages={277--284},
	year={1986},
	publisher={Springer}
}



@article{harrison1989detrital,
	title={Detrital processing in seagrass systems: a review of factors affecting decay rates, remineralization and detritivory},
	author={Harrison, Paul G},
	journal={Aquatic Botany},
	volume={35},
	number={3-4},
	pages={263--288},
	year={1989},
	publisher={Elsevier}
}

@article{fourqurean2003changes,
	title={Changes in nutrient content and stable isotope ratios of C and N during decomposition of seagrasses and mangrove leaves along a nutrient availability gradient in Florida Bay, USA},
	author={Fourqurean, James W and Schrlau, Jill E},
	journal={Chemistry and Ecology},
	volume={19},
	number={5},
	pages={373--390},
	year={2003},
	publisher={Taylor \& Francis}
}

@article{trevathan2017sediment,
	title={Sediment anoxia limits microbial-driven seagrass carbon remineralization under warming conditions},
	author={Trevathan-Tackett, Stacey M and Seymour, Justin R and Nielsen, Daniel A and Macreadie, Peter I and Jeffries, Thomas C and Sanderman, Jonathan and Baldock, Jeff and Howes, Johanna M and Steven, Andrew DL and Ralph, Peter J},
	journal={FEMS microbiology ecology},
	volume={93},
	number={6},
	year={2017},
	publisher={Oxford University Press}
}

@article{godshalk1978decomposition,
	title={Decomposition of aquatic angiosperms. III. Zostera marina L. and a conceptual model of decomposition},
	author={Godshalk, Gordon L and Wetzel, Robert G},
	journal={Aquatic Botany},
	volume={5},
	pages={329--354},
	year={1978},
	publisher={Elsevier}
}

@phdthesis{trevathan2016dynamics,
	title={Dynamics of refractory carbon in seagrass meadows},
	author={Trevathan-Tackett, Stacey Marie},
	year={2016}
}

@article{benner1991diagenesis,
	title={Diagenesis of belowground biomass of Spartina alterniflora in salt-marsh sediments},
	author={Benner, Ronald and Fogel, Marilyn L and Sprague, E Kent},
	journal={Limnology and Oceanography},
	volume={36},
	number={7},
	pages={1358--1374},
	year={1991},
	publisher={Wiley Online Library}
}

@article{parslow2013bayesian,
	title={Bayesian learning and predictability in a stochastic nonlinear dynamical model},
	author={Parslow, John and Cressie, Noel and Campbell, Edward P and Jones, Emlyn and Murray, Lawrence},
	journal={Ecological applications},
	volume={23},
	number={4},
	pages={679--698},
	year={2013},
	publisher={Wiley Online Library}
}

@article{murray2013bayesian,
	title={Bayesian state-space modelling on high-performance hardware using LibBi},
	author={Murray, Lawrence M},
	journal={arXiv preprint arXiv:1306.3277},
	year={2013}
}

@article{reef2017using,
	title={Using eDNA to determine the source of organic carbon in seagrass meadows},
	author={Reef, Ruth and Atwood, Trisha B and Samper-Villarreal, Jimena and Adame, Maria Fernanda and Sampayo, Eugenia M and Lovelock, Catherine E},
	journal={Limnology and Oceanography},
	volume={62},
	number={3},
	pages={1254--1265},
	year={2017},
	publisher={Wiley Online Library}
}

@article{kennedy2010seagrass,
	title={Seagrass sediments as a global carbon sink: Isotopic constraints},
	author={Kennedy, Hilary and Beggins, Jeff and Duarte, Carlos M and Fourqurean, James W and Holmer, Marianne and Marb{\`a}, N{\'u}ria and Middelburg, Jack J},
	journal={Global Biogeochemical Cycles},
	volume={24},
	number={4},
	year={2010},
	publisher={Wiley Online Library}
}

@article{fourqurean2012seagrass,
	title={Seagrass ecosystems as a globally significant carbon stock},
	author={Fourqurean, James W and Duarte, Carlos M and Kennedy, Hilary and Marb{\`a}, N{\'u}ria and Holmer, Marianne and Mateo, Miguel Angel and Apostolaki, Eugenia T and Kendrick, Gary A and Krause-Jensen, Dorte and McGlathery, Karen J and others},
	journal={Nature geoscience},
	volume={5},
	number={7},
	pages={505},
	year={2012},
	publisher={Nature Publishing Group}
}

@article{hadley2016bayesian,
	title={A Bayesian inference approach to account for multiple sources of uncertainty in a macroalgae based integrated multi-trophic aquaculture model},
	author={Hadley, Scott and Jones, Emlyn and Johnson, Craig and Wild-Allen, Karen and Macleod, Catriona},
	journal={Environmental Modelling \& Software},
	volume={78},
	pages={120--133},
	year={2016},
	publisher={Elsevier}
}

@article{duarte1999seagrass,
  title={Seagrass biomass and production: a reassessment},
  author={Duarte, Carlos M and Chiscano, Carina L},
  journal={Aquatic botany},
  volume={65},
  number={1},
  pages={159--174},
  year={1999},
  publisher={Elsevier}
}

@article{atkinson1983c,
  title={C: N: P ratios of benthic marine plants},
  author={Atkinson, MJ and Smith, SV},
  journal={Limnology and Oceanography},
  volume={28},
  number={3},
  pages={568--574},
  year={1983},
  publisher={Wiley Online Library}
}

@article{murray2013bayesian,
  title={Bayesian state-space modelling on high-performance hardware using LibBi},
  author={Murray, Lawrence M},
  journal={arXiv preprint arXiv:1306.3277},
  year={2013}
}

@article{parslow2013bayesian,
  title={Bayesian learning and predictability in a stochastic nonlinear dynamical model},
  author={Parslow, John and Cressie, Noel and Campbell, Edward P and Jones, Emlyn and Murray, Lawrence},
  journal={Ecological applications},
  volume={23},
  number={4},
  pages={679--698},
  year={2013},
  publisher={Wiley Online Library}
}

@article{jones2010bayesian,
  title={A Bayesian approach to state and parameter estimation in a Phytoplankton-Zooplankton model},
  author={Jones, Emlyn and Parslow, John and Murray, Lawrence},
  journal={Australian Meteorological and Oceanographic Journal},
  volume={59},
  number={SP},
  pages={7--16},
  year={2010},
  publisher={Citeseer}
}

@article{grinham2007downstream,
  title={Downstream effects of land use on shallow-water benthic microalgal communities in Moreton Bay, Australia and Marovo Lagoon, Solomon Islands},
  author={Grinham, Alistair Robert},
  year={2007}
}

@article{kuo2005revision,
  title={A revision of the genus Heterozostera (Zosteraceae)},
  author={Kuo, John},
  journal={Aquatic Botany},
  volume={81},
  number={2},
  pages={97--140},
  year={2005},
  publisher={Elsevier}
}

@article{jacobs2009new,
  title={New combinations in Zostera (Zosteraceae)},
  author={Jacobs, SWL and Les, DH},
  journal={Telopea},
  volume={12},
  number={3},
  pages={419--423},
  year={2009}
}

@article{ball2014historical,
  title={Historical seagrass mapping in Port Phillip Bay, Australia},
  author={Ball, David and Soto-Berelov, Mariela and Young, Peter},
  journal={Journal of Coastal Conservation},
  volume={18},
  number={3},
  pages={257--272},
  year={2014},
  publisher={Springer}
}

@book{blake2001seagrass,
  title={Seagrass Mapping of Port Phillip Bay},
  author={Blake, Sean and Ball, David},
  year={2001},
  publisher={Marine and Freshwater Resources Institute}
}

@article{hirst2016linking,
  title={Linking nitrogen sources utilised by seagrass in a temperate marine embayment to patterns of seagrass change during drought},
  author={Hirst, AJ and Longmore, AR and Ball, D and Cook, PLM and Jenkins, GP},
  journal={Marine Ecology Progress Series},
  volume={549},
  pages={79--88},
  year={2016}
}

@article{smith2016spatial,
  title={Spatial variation in reproductive effort of a southern Australian seagrass},
  author={Smith, Timothy M and York, Paul H and Macreadie, Peter I and Keough, Michael J and Ross, D Jeff and Sherman, Craig DH},
  journal={Marine environmental research},
  volume={120},
  pages={214--224},
  year={2016},
  publisher={Elsevier}
}

@article{baird2016biophysical,
  title={A biophysical representation of seagrass growth for application in a complex shallow-water biogeochemical model},
  author={Baird, Mark E and Adams, Matthew P and Babcock, Russell C and Oubelkheir, Kadija and Mongin, Mathieu and Wild-Allen, Karen A and Skerratt, Jennifer and Robson, Barbara J and Petrou, Katherina and Ralph, Peter J and others},
  journal={Ecological Modelling},
  volume={325},
  pages={13--27},
  year={2016},
  publisher={Elsevier}
}

@article{wortmann1997mathematical,
  title={A mathematical model of an estuarine seagrass},
  author={Wortmann, Joanne and Hearne, John W and Adams, Janine B},
  journal={Ecological Modelling},
  volume={98},
  number={2-3},
  pages={137--149},
  year={1997},
  publisher={Elsevier}
}

@article{bearlin1999stochastic,
  title={A stochastic model for seagrass (Zostera muelleri) in Port Phillip Bay, Victoria, Australia},
  author={Bearlin, Andrew R and Burgman, Mark A and Regan, Helen M},
  journal={Ecological Modelling},
  volume={118},
  number={2},
  pages={131--148},
  year={1999},
  publisher={Elsevier}
}

@article{zimmerman2003biooptical,
  title={A biooptical model of irradiance distribution and photosynthesis in seagrass canopies},
  author={Zimmerman, Richard C},
  journal={Limnology and oceanography},
  volume={48},
  number={1},
  year={2003}
}

@article{grech2010ecosystem,
  title={An ecosystem-scale predictive model of coastal seagrass distribution},
  author={Grech, A and Coles, RG},
  journal={Aquatic Conservation: marine and freshwater ecosystems},
  volume={20},
  number={4},
  pages={437--444},
  year={2010},
  publisher={Wiley Online Library}
}

@article{scoffin1970trapping,
  title={The trapping and binding of subtidal carbonate sediments by marine vegetation in Bimini Lagoon, Bahamas},
  author={Scoffin, Terence P},
  journal={Journal of Sedimentary Research},
  volume={40},
  number={1},
  year={1970},
  publisher={Society for Sedimentary Geology}
}

@article{serrano2012characterization,
  title={Characterization of soils beneath a Posidonia oceanica meadow},
  author={Serrano, O and Mateo, MA and Renom, P and Juli{\`a}, R},
  journal={Geoderma},
  volume={185},
  pages={26--36},
  year={2012},
  publisher={Elsevier}
}

@article{orth2006global,
  title={A global crisis for seagrass ecosystems},
  author={Orth, Robert J and Carruthers, Tim JB and Dennison, William C and Duarte, Carlos M and Fourqurean, James W and Heck Jr, Kenneth L and Hughes, A Randall and Kendrick, Gary A and Kenworthy, W Judson and Olyarnik, Suzanne and others},
  journal={Bioscience},
  volume={56},
  number={12},
  pages={987--996},
  year={2006},
  publisher={BioOne}
}

@article{jackson2001importance,
  title={The importance of seagrass beds as a habitat for fishery species},
  author={Jackson, Emma L and Rowden, Ashley A and Attrill, Martin J and Bossey, Simon J and Jones, Malcolm B},
  journal={Oceanography and marine biology},
  volume={39},
  pages={269--304},
  year={2001}
}

@article{mcleod2011blueprint,
  title={A blueprint for blue carbon: toward an improved understanding of the role of vegetated coastal habitats in sequestering CO2},
  author={Mcleod, Elizabeth and Chmura, Gail L and Bouillon, Steven and Salm, Rodney and Bj{\"o}rk, Mats and Duarte, Carlos M and Lovelock, Catherine E and Schlesinger, William H and Silliman, Brian R},
  journal={Frontiers in Ecology and the Environment},
  volume={9},
  number={10},
  pages={552--560},
  year={2011},
  publisher={Wiley Online Library}
}

@article{waycott2009accelerating,
  title={Accelerating loss of seagrasses across the globe threatens coastal ecosystems},
  author={Waycott, Michelle and Duarte, Carlos M and Carruthers, Tim JB and Orth, Robert J and Dennison, William C and Olyarnik, Suzanne and Calladine, Ainsley and Fourqurean, James W and Heck, Kenneth L and Hughes, A Randall and others},
  journal={Proceedings of the National Academy of Sciences},
  volume={106},
  number={30},
  pages={12377--12381},
  year={2009},
  publisher={National Acad Sciences}
}

@article{dowd2006sequential,
  title={A sequential Monte Carlo approach for marine ecological prediction},
  author={Dowd, Michael},
  journal={Environmetrics},
  volume={17},
  number={5},
  pages={435--455},
  year={2006},
  publisher={Wiley Online Library}
}

@article{dowd2011estimating,
  title={Estimating parameters for a stochastic dynamic marine ecological system},
  author={Dowd, Michael},
  journal={Environmetrics},
  volume={22},
  number={4},
  pages={501--515},
  year={2011},
  publisher={Wiley Online Library}
}

@article{hirst2017experimental,
	title={Experimental test of N-limitation for Zostera nigricaulis seagrass at three sites reliant upon very different sources of N},
	author={Hirst, Alastair J and Jenkins, Gregory P},
	journal={Journal of experimental marine biology and ecology},
	volume={486},
	pages={204--213},
	year={2017},
	publisher={Elsevier}
}

@article{hansen2000effect,
	title={Effect of the seagrass Zostera capricorni on sediment microbial processes},
	author={Hansen, Jens W and Udy, James W and Perry, Christine J and Dennison, William C and Lomstein, Bente Aa},
	journal={Marine Ecology Progress Series},
	volume={199},
	pages={83--96},
	year={2000}
}

@article{carruthers1997light,
	title={Light climate and energy flow in the seagrass canopy of Amphibolis griffithii (JM Black) den Hartog},
	author={Carruthers, TJB and Walker, DI},
	journal={Oecologia},
	volume={109},
	number={3},
	pages={335--341},
	year={1997},
	publisher={Springer}
}

@article{chartrand2012development,
	title={Development of a light-based seagrass management approach for the Gladstone western basin dredging program},
	author={Chartrand, KM and Ralph, PJ and Petrou, K and Rasheed, MA and others},
	journal={Fisheries Queensland, Cairns},
	pages={126},
	year={2012}
}

@inproceedings{gordon1993novel,
	title={Novel approach to nonlinear/non-Gaussian Bayesian state estimation},
	author={Gordon, Neil J and Salmond, David J and Smith, Adrian FM},
	booktitle={IEE Proceedings F (Radar and Signal Processing)},
	volume={140},
	number={2},
	pages={107--113},
	year={1993},
	organization={IET}
}

@incollection{doucet2001introduction,
	title={An introduction to sequential Monte Carlo methods},
	author={Doucet, Arnaud and De Freitas, Nando and Gordon, Neil},
	booktitle={Sequential Monte Carlo methods in practice},
	pages={3--14},
	year={2001},
	publisher={Springer}
}

@article{del2015sequential,
	title={Sequential Monte Carlo with highly informative observations},
	author={Del Moral, Pierre and Murray, Lawrence M},
	journal={SIAM/ASA Journal on Uncertainty Quantification},
	volume={3},
	number={1},
	pages={969--997},
	year={2015},
	publisher={SIAM}
}

@article{trapani1992ontogenetic,
	title={Ontogenetic changes in radiation use efficiency of sunflower (Helianthus annuus L.) crops},
	author={Tr{\'a}pani, Nora and Hall, Antonio Juan and Sadras, Victor Oscar and Vilella, Fernando},
	journal={Field Crops Research},
	volume={29},
	number={4},
	pages={301--316},
	year={1992},
	publisher={Elsevier}
}

@article{green1989genotypic,
	title={Genotypic differences in the growth of Triticum aestivum in relation to absorbed solar radiation},
	author={Green, CF},
	journal={Field Crops Research},
	volume={19},
	number={4},
	pages={285--295},
	year={1989},
	publisher={Elsevier}
}

@article{libes1986productivity,
	title={Productivity-irradiance relationship of Posidonia oceanica and its epiphytes},
	author={Libes, Maurice},
	journal={Aquatic Botany},
	volume={26},
	pages={285--306},
	year={1986},
	publisher={Elsevier}
}

@article{petrou2013seasonal,
	title={Seasonal heterogeneity in the photophysiological response to air exposure in two tropical intertidal seagrass species},
	author={Petrou, K and Jimenez-Denness, I and Chartrand, K and McCormack, C and Rasheed, Michael and Ralph, PJ},
	journal={Marine Ecology Progress Series},
	volume={482},
	pages={93--106},
	year={2013}
}

@article{kaldy2013situ,
	title={In situ 13C tracer experiments elucidate carbon translocation rates and allocation patterns in eelgrass Zostera marina},
	author={Kaldy, James E and Brown, Cheryl A and Andersen, Christian P},
	journal={Marine Ecology Progress Series},
	volume={487},
	pages={27--39},
	year={2013}
}

@article{kirk1985effects,
	title={Effects of suspensoids (turbidity) on penetration of solar radiation in aquatic ecosystems},
	author={Kirk, John TO},
	journal={Hydrobiologia},
	volume={125},
	number={1},
	pages={195--208},
	year={1985},
	publisher={Springer}
}

@article{van2011matlab,
	title={MATLAB program developed for CO2 system calculations},
	author={Van Heuven, SMAC and Pierrot, D and Rae, JWB and Lewis, E and Wallace, DWR},
	journal={ORNL/CDIAC-105b. Carbon Dioxide Information Analysis Center, Oak Ridge National Laboratory, US Department of Energy, Oak Ridge, Tennessee},
	volume={530},
	year={2011}
}

@techreport{lewis1998program,
	title={Program developed for CO $\{$sub 2$\}$ system calculations},
	author={Lewis, Ernie and Wallace, Doug and Allison, Linda J},
	year={1998},
	institution={Brookhaven National Lab., Dept. of Applied Science, Upton, NY (United States~…}
}

@article{weiss1974carbon,
	title={Carbon dioxide in water and seawater: the solubility of a non-ideal gas},
	author={Weiss, R\_F},
	journal={Marine chemistry},
	volume={2},
	number={3},
	pages={203--215},
	year={1974},
	publisher={Elsevier}
}

@article{ramsing2011seawater,
	title={Seawater and gases},
	author={Ramsing, Niels and Gundersen, Jens},
	journal={Limnol. Oceanogr},
	volume={37},
	pages={1307--1312},
	year={2011}
}

@article{greensberg1992standard,
	title={Standard methods for the examination of water and wastewater},
	author={Greensberg, Arnold E and Clesceri, LS and Eaton, Andrew D and Franson, MAH},
	journal={American Public Health Asociation, Whashington, DC},
	year={1992}
}

@article{battino1983solubility,
	title={The solubility of oxygen and ozone in liquids},
	author={Battino, Rubin and Rettich, Timothy R and Tominaga, Toshihiro},
	journal={Journal of physical and chemical reference data},
	volume={12},
	number={2},
	pages={163--178},
	year={1983},
	publisher={NIST}
}

@article{grima1993gas,
	title={Gas-liquid transfer of atmospheric CO2 in microalgal cultures},
	author={Grima, E Molina and P{\'e}rez, JA S{\'a}nchez and Garc Camacho, F {\'I}a and Medina, A Robles},
	journal={Journal of Chemical Technology \& Biotechnology},
	volume={56},
	number={4},
	pages={329--337},
	year={1993},
	publisher={Wiley Online Library}
}

@article{atkinson1983c,
	title={C: N: P ratios of benthic marine plants1},
	author={Atkinson, MJ and Smith, SV},
	journal={Limnology and Oceanography},
	volume={28},
	number={3},
	pages={568--574},
	year={1983},
	publisher={Wiley Online Library}
}
@article{duarte1990seagrass,
	title={Seagrass nutrient content.},
	author={Duarte, Carlos M},
	journal={Marine ecology progress series. Oldendorf},
	volume={6},
	number={2},
	pages={201--207},
	year={1990}
}

@book{gianguzza2002chemistry,
	title={Chemistry of Marine Water and Sediments},
	author={Gianguzza, Antonio and Pelizzetti, Ezio},
	year={2002},
	publisher={Springer Science \& Business Media}
}

@article{wilson1986carbohydrate,
	title={Carbohydrate dynamics during decay of litter of Spartina alterniflora},
	author={Wilson, JO and Valiela, I and Swain, T},
	journal={Marine Biology},
	volume={92},
	number={2},
	pages={277--284},
	year={1986},
	publisher={Springer}
}

@article{harrison1989detrital,
	title={Detrital processing in seagrass systems: a review of factors affecting decay rates, remineralization and detritivory},
	author={Harrison, Paul G},
	journal={Aquatic Botany},
	volume={35},
	number={3-4},
	pages={263--288},
	year={1989},
	publisher={Elsevier}
}

@article{fourqurean2003changes,
	title={Changes in nutrient content and stable isotope ratios of C and N during decomposition of seagrasses and mangrove leaves along a nutrient availability gradient in Florida Bay, USA},
	author={Fourqurean, James W and Schrlau, Jill E},
	journal={Chemistry and Ecology},
	volume={19},
	number={5},
	pages={373--390},
	year={2003},
	publisher={Taylor \& Francis}
}

@article{trevathan2017sediment,
	title={Sediment anoxia limits microbial-driven seagrass carbon remineralization under warming conditions},
	author={Trevathan-Tackett, Stacey M and Seymour, Justin R and Nielsen, Daniel A and Macreadie, Peter I and Jeffries, Thomas C and Sanderman, Jonathan and Baldock, Jeff and Howes, Johanna M and Steven, Andrew DL and Ralph, Peter J},
	journal={FEMS microbiology ecology},
	volume={93},
	number={6},
	year={2017},
	publisher={Oxford University Press}
}

@article{godshalk1978decomposition,
	title={Decomposition of aquatic angiosperms. III. Zostera marina L. and a conceptual model of decomposition},
	author={Godshalk, Gordon L and Wetzel, Robert G},
	journal={Aquatic Botany},
	volume={5},
	pages={329--354},
	year={1978},
	publisher={Elsevier}
}

@phdthesis{trevathan2016dynamics,
	title={Dynamics of refractory carbon in seagrass meadows},
	author={Trevathan-Tackett, Stacey Marie},
	year={2016}
}

@article{benner1991diagenesis,
	title={Diagenesis of belowground biomass of Spartina alterniflora in salt-marsh sediments},
	author={Benner, Ronald and Fogel, Marilyn L and Sprague, E Kent},
	journal={Limnology and Oceanography},
	volume={36},
	number={7},
	pages={1358--1374},
	year={1991},
	publisher={Wiley Online Library}
}

@article{parslow2013bayesian,
	title={Bayesian learning and predictability in a stochastic nonlinear dynamical model},
	author={Parslow, John and Cressie, Noel and Campbell, Edward P and Jones, Emlyn and Murray, Lawrence},
	journal={Ecological applications},
	volume={23},
	number={4},
	pages={679--698},
	year={2013},
	publisher={Wiley Online Library}
}

@article{murray2013bayesian,
	title={Bayesian state-space modelling on high-performance hardware using LibBi},
	author={Murray, Lawrence M},
	journal={arXiv preprint arXiv:1306.3277},
	year={2013}
}

@article{reef2017using,
	title={Using eDNA to determine the source of organic carbon in seagrass meadows},
	author={Reef, Ruth and Atwood, Trisha B and Samper-Villarreal, Jimena and Adame, Maria Fernanda and Sampayo, Eugenia M and Lovelock, Catherine E},
	journal={Limnology and Oceanography},
	volume={62},
	number={3},
	pages={1254--1265},
	year={2017},
	publisher={Wiley Online Library}
}

@article{kennedy2010seagrass,
	title={Seagrass sediments as a global carbon sink: Isotopic constraints},
	author={Kennedy, Hilary and Beggins, Jeff and Duarte, Carlos M and Fourqurean, James W and Holmer, Marianne and Marb{\`a}, N{\'u}ria and Middelburg, Jack J},
	journal={Global Biogeochemical Cycles},
	volume={24},
	number={4},
	year={2010},
	publisher={Wiley Online Library}
}

@article{fourqurean2012seagrass,
	title={Seagrass ecosystems as a globally significant carbon stock},
	author={Fourqurean, James W and Duarte, Carlos M and Kennedy, Hilary and Marb{\`a}, N{\'u}ria and Holmer, Marianne and Mateo, Miguel Angel and Apostolaki, Eugenia T and Kendrick, Gary A and Krause-Jensen, Dorte and McGlathery, Karen J and others},
	journal={Nature geoscience},
	volume={5},
	number={7},
	pages={505},
	year={2012},
	publisher={Nature Publishing Group}
}

@article{hadley2016bayesian,
	title={A Bayesian inference approach to account for multiple sources of uncertainty in a macroalgae based integrated multi-trophic aquaculture model},
	author={Hadley, Scott and Jones, Emlyn and Johnson, Craig and Wild-Allen, Karen and Macleod, Catriona},
	journal={Environmental Modelling \& Software},
	volume={78},
	pages={120--133},
	year={2016},
	publisher={Elsevier}
}

@article{guillard1962studies,
	title={Studies of marine planktonic diatoms: I. Cyclotella nana Hustedt, and Detonula confervacea (Cleve) Gran.},
	author={Guillard, Robert RL and Ryther, John H},
	journal={Canadian journal of microbiology},
	volume={8},
	number={2},
	pages={229--239},
	year={1962},
	publisher={NRC Research Press}
}

@article{mehrbach1973measurement,
	title={Measurement of the apparent dissociation constants of carbonic acid in seawater at atmospheric pressure1},
	author={Mehrbach, Carl and Culberson, CH and Hawley, JE and Pytkowicx, RM},
	journal={Limnology and Oceanography},
	volume={18},
	number={6},
	pages={897--907},
	year={1973},
	publisher={Wiley Online Library}
}

@book{dickson2007guide,
  title={Guide to best practices for ocean CO2 measurements.},
  author={Dickson, Andrew Gilmore and Sabine, Christopher L and Christian, James Robert},
  number={PICES Special Publication 3}, 
  year={2007},
  publisher={North Pacific Marine Science Organization}
}

@book{zeebe2001co2,
  title={CO2 in seawater: equilibrium, kinetics, isotopes},
  author={Zeebe, Richard E and Wolf-Gladrow, Dieter},
  number={65},
  year={2001},
  publisher={Gulf Professional Publishing}
}

@article{dickson1987comparison,
	title={A comparison of the equilibrium constants for the dissociation of carbonic acid in seawater media},
	author={Dickson, AG and Millero, FJ},
	journal={Deep Sea Research Part A. Oceanographic Research Papers},
	volume={34},
	number={10},
	pages={1733--1743},
	year={1987},
	publisher={Elsevier}
}